@article{lecun2015deep,
  title={Deep learning},
  author={LeCun, Yann and Bengio, Yoshua and Hinton, Geoffrey},
  journal={nature},
  volume={521},
  number={7553},
  pages={436},
  year={2015},
  publisher={Nature Publishing Group}
}

@inproceedings{leen1995data,
  title={From data distributions to regularization in invariant learning},
  author={Leen, Todd K},
  booktitle={Advances in Neural information processing systems},
  pages={223--230},
  year={1995}
}

@article{cirecsan2012multi,
  title={Multi-column deep neural networks for image classification},
  author={Cire{\c{s}}an, Dan and Meier, Ueli and Schmidhuber, J{\"u}rgen},
  journal={arXiv preprint arXiv:1202.2745},
  year={2012}
}

@article{cirecsan2011high,
  title={High-performance neural networks for visual object classification},
  author={Cire{\c{s}}an, Dan C and Meier, Ueli and Masci, Jonathan and Gambardella, Luca M and Schmidhuber, J{\"u}rgen},
  journal={arXiv preprint arXiv:1102.0183},
  year={2011}
}

@book{behnke2003hierarchical,
  title={Hierarchical neural networks for image interpretation},
  author={Behnke, Sven},
  volume={2766},
  year={2003},
  publisher={Springer}
}

@inproceedings{zeiler2014visualizing,
  title={Visualizing and understanding convolutional networks},
  author={Zeiler, Matthew D and Fergus, Rob},
  booktitle={European conference on computer vision},
  pages={818--833},
  year={2014},
  organization={Springer}
}

@book{chollet2017deep,
  title={Deep learning with python},
  author={Chollet, Francois},
  year={2017},
  publisher={Manning Publications Co.}
}

@inproceedings{yosinski2014transferable,
  title={How transferable are features in deep neural networks?},
  author={Yosinski, Jason and Clune, Jeff and Bengio, Yoshua and Lipson, Hod},
  booktitle={Advances in neural information processing systems},
  pages={3320--3328},
  year={2014}
}
